@misc{elsea_basics_1996,
  title      = {Basics of {Digital} {Recording}},
  shorttitle = {Digital {Recording}},
  url        = {http://artsites.ucsc.edu/EMS/music/tech_background/TE-16/teces_16.html},
  urldate    = {2022-11-09},
  journal    = {Univeristy of California, Santa Cruz},
  author     = {Elsea, Peter},
  year       = {1996},
  file       = {Digital Recording:/Users/marcio/Zotero/storage/7ACP8LT9/teces_16.html:text/html}
}

@incollection{huzaifah_deep_2021,
  address   = {Cham},
  title     = {Deep {Generative} {Models} for {Musical} {Audio} {Synthesis}},
  isbn      = {978-3-030-72116-9},
  url       = {https://doi.org/10.1007/978-3-030-72116-9_22},
  abstract  = {Sound modelling is the process of developing algorithms that generate sound under parametric control.},
  booktitle = {Handbook of {Artificial} {Intelligence} for {Music}: {Foundations}, {Advanced} {Approaches}, and {Developments} for {Creativity}},
  publisher = {Springer International Publishing},
  author    = {Huzaifah, Muhammad and Wyse, Lonce},
  editor    = {Miranda, Eduardo Reck},
  year      = {2021},
  doi       = {10.1007/978-3-030-72116-9_22},
  pages     = {639--678},
  file      = {Full Text:/Users/marcio/Zotero/storage/I5J5VUEX/Huzaifah and Wyse - 2021 - Deep Generative Models for Musical Audio Synthesis.pdf:application/pdf}
}
